<?xml version="1.0" encoding="UTF-8"?>
<collection xmlns:xsi="http://www.w3.org/2001/XMLSchema-instance" xsi:schemaLocation="http://www.loc.gov/MARC21/slim http://www.loc.gov/standards/marcxml/schema/MARC21slim.xsd" xmlns="http://www.loc.gov/MARC21/slim">
<record>
  <leader>00992cam a2200253Ma 4500</leader>
  <controlfield tag="001">643000</controlfield>
  <controlfield tag="003">NNC</controlfield>
  <controlfield tag="005">20130423143901.0</controlfield>
  <controlfield tag="008">880303m19869999ir       b   f000 0 ara d</controlfield>
  <datafield tag="035" ind1=" " ind2=" ">
    <subfield code="a">(OCoLC)ocm25342694</subfield>
  </datafield>
  <datafield tag="035" ind1=" " ind2=" ">
    <subfield code="a">(CStRLIN)NYCG88-B28709</subfield>
  </datafield>
  <datafield tag="035" ind1=" " ind2=" ">
    <subfield code="9">ACU9817CU</subfield>
  </datafield>
  <datafield tag="035" ind1=" " ind2=" ">
    <subfield code="a">(NNC)643000</subfield>
  </datafield>
  <datafield tag="040" ind1=" " ind2=" ">
    <subfield code="a">PUL</subfield>
    <subfield code="c">PUL</subfield>
  </datafield>
  <datafield tag="090" ind1=" " ind2=" ">
    <subfield code="f">h</subfield>
  </datafield>
  <datafield tag="100" ind1="1" ind2=" ">
    <subfield code="a">Majlisī, Muḥammad Bāqir ibn Muḥammad Taqī,</subfield>
    <subfield code="d">1627 or 1628-approximately 1699.</subfield>
  </datafield>
  <datafield tag="245" ind1="1" ind2="0">
    <subfield code="a">Biḥār al-anwār :</subfield>
    <subfield code="b">al-jāmiʻah li-durar akhbār al-aʾimmah al-aṭhār /</subfield>
    <subfield code="c">taʾlīf Muḥammad Bāqir al-Majlisī ; [taḥqīq wa-taʻlīq Muḥammad Bāqir al-Maḥmūdī].</subfield>
  </datafield>
  <datafield tag="250" ind1=" " ind2=" ">
    <subfield code="a">al-Ṭabʻah 1., maʻa taʻlīqāt jadīdah.</subfield>
  </datafield>
  <datafield tag="260" ind1=" " ind2=" ">
    <subfield code="a">[Teheran] :</subfield>
    <subfield code="b">Wizārat al-Irshād al-Islāmī,</subfield>
    <subfield code="c">1365-     [1986-    ]</subfield>
  </datafield>
  <datafield tag="300" ind1=" " ind2=" ">
    <subfield code="a">v. ;</subfield>
    <subfield code="c">25 cm.</subfield>
  </datafield>
  <datafield tag="504" ind1=" " ind2=" ">
    <subfield code="a">Includes bibliographical references.</subfield>
  </datafield>
  <datafield tag="650" ind1=" " ind2="0">
    <subfield code="a">Hadith (Shiites)</subfield>
    <subfield code="v">Early works to 1800.</subfield>
  </datafield>
  <datafield tag="700" ind1="1" ind2=" ">
    <subfield code="a">Maḥmūdī, Muḥammad Bāqir.</subfield>
  </datafield>
  <datafield tag="955" ind1=" " ind2=" ">
    <subfield code="b">0057242860</subfield>
    <subfield code="d">glx</subfield>
    <subfield code="e">BP193.25 .M35 1986g</subfield>
    <subfield code="v">v. 32</subfield>
  </datafield>
</record>
</collection>